@article{cr2018,
	Author = {Mine Cetinkaya-Rudel and Colin Rundel},
	Journal = {The American Statistician},
	Keywords = {git and r},
	Title = {Infrastructure and Tools for Teaching Computing Throughout the Statistical Curriculum},
	Url = {https://www.tandfonline.com/doi/abs/10.1080/00031305.2017.1397549},
	Volume = {72},
	Year = {2018},
	Bdsk-Url-1 = {}
	}
