%% books 

@Book{xie2015,
  title = {Dynamic Documents with {R} and knitr},
  author = {Yihui Xie},
  publisher = {Chapman and Hall/CRC},
  address = {Boca Raton, Florida},
  year = {2015},
  edition = {2nd},
  note = {ISBN 978-1498716963},
  url = {http://yihui.name/knitr/},
}

@book{happygit,
    title = {Happy Git with R},
    author = {Jenny Bryan and Jim Hester},
    year = {2019},
    url = {https://happygitwithr.com/}
}

%% website

@misc{dsbox,
  title = {Data Science in a Box},
  howpublished = {\url{https://datasciencebox.org/}},
  note = {Accessed: 2019-05-01},
  year = {2018}
}


